
@book{williams_probability_1991,
	edition = {1},
	title = {Probability with Martingales},
	isbn = {978-0-521-40455-6},
	url = {https://www.cambridge.org/core/product/identifier/9780511813658/type/book},
	publisher = {Cambridge University Press},
	author = {Williams, David},
	urldate = {2022-10-22},
	date = {1991-02-14},
	doi = {10.1017/CBO9780511813658},
}
